@incollection{mc_update_ppomdps,
year={2011},
isbn={978-3-642-14742-5},
booktitle={Robotics Research},
volume={66},
series={Springer Tracts in Advanced Robotics},
editor={Kaneko, Makoto and Nakamura, Yoshihiko},
doi={10.1007/978-3-642-14743-2_19},
title={A Monte Carlo Update for Parametric POMDPs},
url={http://dx.doi.org/10.1007/978-3-642-14743-2_19},
publisher={Springer Berlin Heidelberg},
author={Brooks, Alex and Williams, Stefan},
pages={213-223},
language={English}
}

@INPROCEEDINGS{Erez10ascalable,
    author = {Tom Erez and William D. Smart},
    title = {A Scalable Method for Solving High-Dimensional Continuous POMDPs Using Local Approximation},
    booktitle = {Conf. on Uncertainty in Artificial Intelligence},
    year = {2010}
}

@incollection{MCVI_CS_POMDPs,
year={2011},
isbn={978-3-642-17451-3},
booktitle={Algorithmic Foundations of Robotics IX},
volume={68},
series={Springer Tracts in Advanced Robotics},
editor={Hsu, David and Isler, Volkan and Latombe, Jean-Claude and Lin, MingC.},
doi={10.1007/978-3-642-17452-0_11},
title={Monte Carlo Value Iteration for Continuous-State POMDPs},
url={http://dx.doi.org/10.1007/978-3-642-17452-0_11},
publisher={Springer Berlin Heidelberg},
author={Bai, Haoyu and Hsu, David and Lee, WeeSun and Ngo, VienA.},
pages={175-191},
language={English}
}

@inproceedings{solving_continous_pomdps_2013,
    Publisher = {JMLR Workshop and Conference Proceedings},
    Author = {Sebastian Brechtel and Tobias Gindele and RÃ¼diger Dillmann},
    Url = {http://jmlr.org/proceedings/papers/v28/brechtel13.pdf},
    Booktitle = {Proceedings of the 30th International Conference on Machine Learning (ICML-13)},
    Title = {Solving Continuous POMDPs: Value Iteration with Incremental Learning of an Efficient Space Representation},
    Number = {3},
    Month = may,
    Volume = {28},
    Editor = {Sanjoy Dasgupta and David Mcallester},
    Year = {2013},
    Pages = {370-378},
} 

@InProceedings{Spaan05icra,
  author =       {Matthijs T. J. Spaan and Nikos Vlassis},
  title =        {Planning with continuous actions in partially
                  observable environments},
  booktitle =    {Proceedings of the IEEE International Conference on
                  Robotics and Automation},
  pages =        {3469--3474},
  year =         2005,
  address =      {Barcelona, Spain}
}


@ARTICLE{PBVI_C_2006,
    author = {Josep M. Porta and Nikos Vlassis and Matthijs T. J. Spaan and Pascal Poupart},
    title = {Point-Based Value Iteration for Continuous POMDPs},
    journal = {JOURNAL OF MACHINE LEARNING RESEARCH},
    year = {2006},
    volume = {7},
    pages = {2329--2367}
}


@InProceedings{MC-POMDP,
  author =       "Thrun, Sebastian",
  title =        "Monte Carlo {POMDP}s",
  booktitle =    "Advances in Neural Information Processing Systems (NIPS 1999)",
  year =         "2000",
  ISBN =         "0-262-19450-3",
  editor =    "Solla, Sara A. and Leen, Todd K. and M{\"u}ller, Klaus-Robert ",
  publisher = "MIT Press",
  pages =     "1064--1070",
  url = "http://robots.stanford.edu/papers/thrun.mcpomdp.pdf",
  bib2html_rescat = "Partial Observability",
}

@INPROCEEDINGS{Porta05robotplanning,
    author = {Josep M. Porta and Matthijs T. J. Spaan and Nikos Vlassis},
    title = {Robot planning in partially observable continuous domains},
    booktitle = {In Robotics: Science and Systems I},
    year = {2005},
    pages = {217--224}
}


@article{PPOMDP_2006,
title = "Parametric \{POMDPs\} for planning in continuous state spaces ",
journal = "Robotics and Autonomous Systems ",
volume = "54",
number = "11",
pages = "887 - 897",
year = "2006",
note = "Planning Under Uncertainty in Robotics ",
issn = "0921-8890",
doi = "http://dx.doi.org/10.1016/j.robot.2006.05.007",
url = "http://www.sciencedirect.com/science/article/pii/S0921889006000960",
author = "Alex Brooks and Alexei Makarenko and Stefan Williams and Hugh Durrant-Whyte",
}



