@incollection{Billard08chapter,
author="A. Billard and S. Calinon and R. Dillmann and S. Schaal",
title="Robot Programming by Demonstration",
booktitle="Handbook of Robotics",
editor="B. Siciliano and O. Khatib",
publisher="Springer",
address="Secaucus, NJ, USA",
year="2008",
pages="1371--1394"
}

@inproceedings{rai2013learning,
  title={Learning from failed demonstrations in unreliable systems},
  author={Rai, Akshara and De Chambrier, Guillaume and Billard, Aude},
  booktitle={Humanoid Robots (Humanoids), 2013 13th IEEE-RAS International Conference on},
  pages={410--416},
  year={2013},
  organization={IEEE}
}
