@INPROCEEDINGS{Plagemann07gaussianbeam,
    author = {Christian Plagemann and Kristian Kersting and Patrick Pfaff and Wolfram Burgard},
    title = {Gaussian beam processes: A nonparametric bayesian measurement model for range finders},
    booktitle = {In Proc. of Robotics: Science and Systems (RSS)},
    year = {2007}
}

@INPROCEEDINGS{DataAssociation2003, 
author={Montemerlo, M. and Thrun, S.}, 
booktitle={Robotics and Automation, 2003. Proceedings. ICRA '03. IEEE International Conference on}, 
title={Simultaneous localization and mapping with unknown data association using FastSLAM}, 
year={2003}, 
month={Sept}, 
volume={2}, 
pages={1985-1991 vol.2}, 
doi={10.1109/ROBOT.2003.1241885}, 
ISSN={1050-4729}
}

@ARTICLE{SLAM_part1, 
author={Durrant-Whyte, H. and Bailey, Tim}, 
journal={Robotics Automation Magazine, IEEE}, 
title={Simultaneous localization and mapping: part I}, 
year={2006}, 
month={June}, 
volume={13}, 
number={2}, 
pages={99-110}, 
doi={10.1109/MRA.2006.1638022}, 
ISSN={1070-9932}
}

@ARTICLE{TutGraphSLAM, 
author={Grisetti, G. and Kummerle, R. and Stachniss, C. and Burgard, W.}, 
journal={Intelligent Transportation Systems Magazine, IEEE}, 
title={A Tutorial on Graph-Based SLAM}, 
year={2010}, 
month={winter}, 
volume={2}, 
number={4}, 
pages={31-43}, 
doi={10.1109/MITS.2010.939925}, 
ISSN={1939-1390}
}

@INPROCEEDINGS{FastSLAM,
    author = {Michael Montemerlo and Sebastian Thrun and Daphne Koller and Ben Wegbreit},
    title = {FastSLAM 2.0: An Improved Particle Filtering Algorithm for Simultaneous Localization and Mapping that Provably Converges},
    booktitle = {In Proc. of the Int. Conf. on Artificial Intelligence (IJCAI},
    year = {2003},
    pages = {1151--1156}
}

@inproceedings{Thrun_grid_based_1996,
 author = {Thrun, Sebastian and B\"{u}, Arno},
 title = {Integrating Grid-based and Topological Maps for Mobile Robot Navigation},
 booktitle = {Proceedings of the Thirteenth National Conference on Artificial Intelligence - Volume 2},
 series = {AAAI'96},
 year = {1996},
 isbn = {0-262-51091-X},
 location = {Portland, Oregon},
 pages = {944--950},
 numpages = {7},
 url = {http://dl.acm.org/citation.cfm?id=1864519.1864527},
 acmid = {1864527},
 publisher = {AAAI Press}
} 

@inproceedings{Kollar_2008_Exploration_SLAM,
 author = {Kollar, Thomas and Roy, Nicholas},
 title = {Efficient Optimization of Information-theoretic Exploration in SLAM},
 booktitle = {Proceedings of the 23rd National Conference on Artificial Intelligence - Volume 3},
 series = {AAAI'08},
 year = {2008},
 isbn = {978-1-57735-368-3},
 location = {Chicago, Illinois},
 pages = {1369--1375},
 numpages = {7},
 url = {http://dl.acm.org/citation.cfm?id=1620270.1620287},
 acmid = {1620287},
 publisher = {AAAI Press}
} 

@article{Navigation_strategires_for_exploring_indoor_environments,
  author    = {H{\'{e}}ctor H. Gonz{\'{a}}lez{-}Ba{\~{n}}os and
               Jean{-}Claude Latombe},
  title     = {Navigation Strategies for Exploring Indoor Environments},
  journal   = {I. J. Robotic Res.},
  year      = {2002},
  volume    = {21},
  number    = {10-11},
  pages     = {829--848},
  url       = {http://dx.doi.org/10.1177/0278364902021010834},
  doi       = {10.1177/0278364902021010834},
  timestamp = {Sat, 27 Sep 2014 13:33:41 +0200},
  biburl    = {http://dblp.uni-trier.de/rec/bib/journals/ijrr/Gonzalez-BanosL02},
  bibsource = {dblp computer science bibliography, http://dblp.org}
}

@ARTICLE{PRM_1996, 
author={Kavraki, L.E. and Svestka, P. and Latombe, J.-C. and Overmars, M.H.}, 
journal={Robotics and Automation, IEEE Transactions on}, 
title={Probabilistic roadmaps for path planning in high-dimensional configuration spaces}, 
year={1996}, 
month={Aug}, 
volume={12}, 
number={4}, 
pages={566-580}, 
keywords={graph theory;learning (artificial intelligence);mobile robots;path planning;probability;collision-free configurations;goal configurations;graph;high-dimensional configuration spaces;holonomic robot;learning phase;local planner;motion planning;multi-DOF planar articulated robots;path planning;probabilistic roadmaps;query phase;robots;start configurations;static workspaces;Computer science;Joining processes;Laboratories;Layout;Motion planning;Orbital robotics;Path planning;Robots;Workstations}, 
doi={10.1109/70.508439}, 
ISSN={1042-296X}
}

@INPROCEEDINGS{RRT-SLAM, 
author={Yifeng Huang and Gupta, K.}, 
booktitle={Intelligent Robots and Systems, 2008. IROS 2008. IEEE/RSJ International Conference on}, 
title={RRT-SLAM for motion planning with motion and map uncertainty for robot exploration}, 
year={2008}, 
month={Sept}, 
pages={1077-1082}, 
keywords={SLAM (robots);path planning;trees (mathematics);uncertain systems;RRT-SLAM;map uncertainty;motion planning;motion uncertainty;rapidly exploring randomized tree;robot exploration;Collision avoidance;Computational modeling;Distance measurement;Robot sensing systems;Robots;Sensors;Uncertainty}, 
doi={10.1109/IROS.2008.4651183}
}

@INPROCEEDINGS{ActivePosSLAM, 
author={Valencia, R. and Miro, J.V. and Dissanayake, G. and Andrade-Cetto, J.}, 
booktitle={Intelligent Robots and Systems (IROS), 2012 IEEE/RSJ International Conference on}, 
title={Active Pose SLAM}, 
year={2012}, 
month={Oct}, 
pages={1885-1891}, 
keywords={SLAM (robots);mobile robots;navigation;path planning;trajectory control;optimal navigation;path entropies;path length;pose SLAM;trajectory tracking;Collision avoidance;Entropy;Simultaneous localization and mapping;Trajectory;Uncertainty}, 
doi={10.1109/IROS.2012.6385637}, 
ISSN={2153-0858}
}

@INPROCEEDINGS{Active_SLAM_Uncertainty_compar, 
author={Carrillo, H. and Reid, I and Castellanos, J.A}, 
booktitle={Robotics and Automation (ICRA), 2012 IEEE International Conference on}, 
title={On the comparison of uncertainty criteria for active SLAM}, 
year={2012}, 
month={May}, 
pages={2080-2087}, 
keywords={SLAM (robots);mobile robots;statistical testing;uncertainty handling;A-optimality criterion;D-optimality criterion;active SLAM;entropy;robot;simultaneous localization and mapping;uncertainty criteria;uncertainty metric;Covariance matrix;Measurement;Planning;Simultaneous localization and mapping;Trajectory;Uncertainty}, 
doi={10.1109/ICRA.2012.6224890}, 
ISSN={1050-4729}
}


@article{tovar_plannin,
  author = {Tovar, Benjamin and Munoz-Gomez, Lourdes and Murrieta-Cid, Rafael and Alencastre-Miranda, Moises and Monroy, Raul and Hutchinson, Seth},
  journal = {Robotics and Autonomous Systems},
  number = 4,
  pages = {314-331},
  title = {Planning exploration strategies for simultaneous localization and mapping.},
  url = {http://dblp.uni-trier.de/db/journals/ras/ras54.html#TovarMMAMH06},
  volume = 54,
  year = 2006
}


@INPROCEEDINGS{KL_SLAM_exploration_PF, 
author={Carlone, L. and Jingjing Du and Ng, M.K. and Bona, B. and Indri, M.}, 
booktitle={Intelligent Robots and Systems (IROS), 2010 IEEE/RSJ International Conference on}, 
title={An application of Kullback-Leibler divergence to active SLAM and exploration with Particle Filters}, 
year={2010}, 
month={Oct}, 
pages={287-293}, 
keywords={SLAM (robots);mobile robots;motion control;particle filtering (numerical methods);path planning;Kullback-Leibler divergence;active SLAM;autonomous exploration;mobile robotics;motion planning;particle filters;posterior approximation;simultaneous localization and mapping}, 
doi={10.1109/IROS.2010.5652164}, 
ISSN={2153-0858}
}

@INPROCEEDINGS{Thrun02particlefilters,
    author = {Sebastian Thrun},
    title = {Particle Filters in Robotics},
    booktitle = {in Proceedings of the 17th Annual Conference on Uncertainty in AI (UAI},
    year = {2002}
}

@INPROCEEDINGS{negative_info_markov_localisation, 
author={Hoffman, J. and Spranger, M. and Gohring, D. and Jungel, M.}, 
booktitle={Intelligent Robots and Systems, 2005. (IROS 2005). 2005 IEEE/RSJ International Conference on}, 
title={Making use of what you don't see: negative information in Markov localization}, 
year={2005}, 
month={Aug}, 
pages={2947-2952}, 
keywords={Markov processes;Monte Carlo methods;entropy;mobile robots;sensors;Markov localization;Monte Carlo localization;entropy;mobile robots;negative evidence;negative information;particle distribution;sensor reading;Artificial intelligence;Computer science;Entropy;Intelligent sensors;Laboratories;Mobile robots;Monte Carlo methods;Navigation;Position measurement;Robot sensing systems;Entropy;Markov Localization;Mobile Robots;Monte Carlo Localization;Negative Evidence;Negative Information}, 
doi={10.1109/IROS.2005.1545087}
}



@INPROCEEDINGS{NegInfoFurtherStudies, 
author={Hoffmann, J. and Spranger, M. and Gohring, D. and Jungel, M. and Burkhard, Hans-Dieter}, 
booktitle={Robotics and Automation, 2006. ICRA 2006. Proceedings 2006 IEEE International Conference on}, 
title={Further studies on the use of negative information in mobile robot localization}, 
year={2006}, 
month={May}, 
pages={62-67}, 
keywords={Markov processes;mobile robots;path planning;Markov localization;mobile robot localization;negative information;Artificial intelligence;Cameras;Computer science;Intelligent sensors;Laboratories;Mobile robots;Monte Carlo methods;Robot localization;Robot sensing systems;Robot vision systems}, 
doi={10.1109/ROBOT.2006.1641162}, 
ISSN={1050-4729}}


@INPROCEEDINGS{deChambrier2013, 
author={de Chambrier, G. and Billard, A.}, 
booktitle={Robotics and Biomimetics (ROBIO), 2013 IEEE International Conference on}, 
title={Learning search behaviour from humans}, 
year={2013}, 
month={Dec}, 
pages={573-580}, 
keywords={Gaussian processes;Markov processes;automatic programming;control engineering computing;end effectors;learning (artificial intelligence);mixture models;particle filtering (numerical methods);path planning;robot programming;search problems;GMM;Gaussian mixture model;POMDP;end-effector velocity;greedy controller;human-inspired search model;partially observable Markov decision process;particle filter;robot;search behaviour;Context;Entropy;Robot sensing systems;Trajectory;Uncertainty}, 
doi={10.1109/ROBIO.2013.6739521}}


@inproceedings{BayesBall,
 author = {Shachter, Ross D.},
 title = {Bayes-ball: Rational Pastime (for Determining Irrelevance and Requisite Information in Belief Networks and Influence Diagrams)},
 booktitle = {Proceedings of the Fourteenth Conference on Uncertainty in Artificial Intelligence},
 series = {UAI'98},
 year = {1998},
 isbn = {1-55860-555-X},
 location = {Madison, Wisconsin},
 pages = {480--487},
 numpages = {8},
 url = {http://dl.acm.org/citation.cfm?id=2074094.2074151},
 acmid = {2074151},
 publisher = {Morgan Kaufmann Publishers Inc.},
 address = {San Francisco, CA, USA},
 keywords = {belief networks, dseparation, independence, influence diagrams, irrelevance, requisite information},
} 

@BOOK{barberBRML2012,
author = {Barber, D.},
title= {{Bayesian Reasoning and Machine Learning}},
publisher = {{Cambridge University Press}},
year = 2012}


@ARTICLE{PF_tutorial_2002, 
author={Arulampalam, M.S. and Maskell, S. and Gordon, N. and Clapp, T.}, 
journal={Signal Processing, IEEE Transactions on}, 
title={A tutorial on particle filters for online nonlinear/non-Gaussian Bayesian tracking}, 
year={2002}, 
month={Feb}, 
volume={50}, 
number={2}, 
pages={174-188}, 
doi={10.1109/78.978374}, 
ISSN={1053-587X}}

@incollection{SLAM_HBR,
  author    = {Sebastian Thrun and
               John J. Leonard},
  title     = {Simultaneous Localization and Mapping},
  booktitle = {Springer Handbook of Robotics},
  year      = {2008},
  pages     = {871-889},
  doi        = {http://dx.doi.org/10.1007/978-3-540-30301-5_38},
}



