
@INPROCEEDINGS{peg_personal_icra_2010,
	author		= {Wim Meeussen and Melonee Wise and Stuart Glaser and Sachin Chitta and et. al},
	booktitle	= {International Conference on Robotics and Automation (ICRA)},
	title		= {Autonomous door opening and plugging in with a personal robot},
	year 		= {2010},
	pages 		= {729--736},
	month 		= {May},
	url 	 	= {http://dx.doi.org/10.1109/ROBOT.2010.5509556}
}


@inbook{fast_peg_pbd_icmc_2014,
	title 		= "Fast programming of peg-in-hole actions by human demonstration",
	booktitle 	= "International Conference on Mechatronics and Control (ICMC)",
	author 		= "Yang Yang and Linglong Lin and Song, {Y. T.} and Bojan Nemec and Ales Ude and Buch, {Anders Glent} and Norbert Kruger and Savarimuthu, {Thiusius Rajeeth}",
	year 		= "2014",
	pages 		= "990--995",
	url 		= "http://dx.doi.org/10.1109/ICMC.2014.7231702",
}

@article{hybrid_1992,
	author 		= {Fisher, William  and Mujtaba, Shahid}, 
	title 		= {Hybrid Position/Force Control: A Correct Formulation},
	journal 	= {The International Journal of Robotics Research (IJRR)},
	volume 		= {11}, 
	number 		= {4}, 
	pages 		= {299-311}, 
	year 		= {1992},
	url 		= {http://dx.doi.org/10.1177/027836499201100403}
}

@inproceedings{learn_admittance_icra_1994,
  	author    = {Gullapalli, Vijaykumar and Barto, Andrew G.  and Grupen, Roderic A.},
  	title     = {Learning Admittance Mappings for Force-Guided Assembly},
  	booktitle = {International Conference on Robotics and Automation (ICRA)},
  	pages     = {2633--2638},
  	year      = {1994},
  	month     = {may},
  	url       = {http://dx.doi.org/10.1109/ROBOT.1994.351117}
}


@INPROCEEDINGS{peg_imcssd_2015,
	author	 	={Mohamad Bdiwi and Alexander Winkler and Michael Jokesch and Jozef Suchy},
	booktitle	={International Multi-Conference on Systems, Signals and Devices},
	title		={Improved Peg-in-Hole (5-Pin Plug) Task: Intended for Charging Electric Vehicles by Robot System Automatically},
	year		={2015}
}


@Inbook{Jokesch2016,
	author		="Jokesch, Michael and Such{\'y}, Jozef and Winkler, Alexander and Fross, Andr{\'e} and Thomas, Ulrike",
	chapter		="Generic Algorithm for Peg-In-Hole Assembly Tasks for Pin Alignments with Impedance Controlled Robots",
	title		="Second Iberian Robotics Conference: Advances in Robotics, Volume 2",
	year		="2016",
	pages		="105--117",
	url		="http://dx.doi.org/10.1007/978-3-319-27149-1_9"
}

@INPROCEEDINGS{intuitive_peg_isr_2013,
	author		={Hyeonjun Park and Ji-Hun Bae and Jae-Han Park and Moon-Hong Baeg and Jaeheung Park},
	booktitle	={International Symposium on Robotics (ISR)},
	title		={Intuitive peg-in-hole assembly strategy with a compliant manipulator},
	year		={2013},
	pages		={1-5},
	month		={Oct},
	url		={http://dx.doi.org/10.1109/ISR.2013.6695699}
}

@INPROCEEDINGS{online_gpr_icra_2014,
	author		={Hongtai Cheng and Heping Chen},
	booktitle	={International Conference on Robotics and Automation (ICRA)},
	title		={Online parameter optimization in robotic force controlled assembly processes},
	year		={2014},
	pages		={3465-3470},
	month		={may},
	url		={http://dx.doi.org/10.1109/ICRA.2014.6907358},
}


@INPROCEEDINGS{feed_icra_2010,
	author		= {Mayton, Brian and LeGrand, Louis and Smith, Joshua R.},
	booktitle	= {International Conference on Robotics and Automoation (ICRA)},
	title		= {Robot, feed thyself: Plugging in to unmodified electrical outlets by sensing emitted AC electric fields},
	year		= {2010},
	pages		= {715-722},
	month		= {May},
	url		= {http://dx.doi.org/10.1109/ROBOT.2010.5509643}
}

@INPROCEEDINGS{pomdp_peg_icra_2014,
	author 		={Hongtai Cheng and Heping Chen and Lina Hao and Wei Li},
	booktitle	={International Conference on Robotics and Automation (ICRA)},
	title		={Robot learning based on Partial Observable Markov Decision Process in unstructured environment},
	year		={2014},
	pages		={4399--4404},
	month		={May},
	url		={http://dx.doi.org/10.1109/ICRA.2014.6907500}
}


@INPROCEEDINGS{search_strategies_icra_2001,
	author		={Siddharth, Chhatpar and Branicky, Michael},
	booktitle	={International Conference on Intelligent Robots and Systems (ICRA)},
	title		={Search strategies for peg-in-hole assemblies with position uncertainty},
	year		={2001},
	volume		={3},
	pages		={1465--1470},
	url		={http://dx.doi.org/10.1109/IROS.2001.977187},
}

@article{sol_pdg_pbd_2014,
	author 		= "Fares Abu-Dakka and Bojan Nemec and Aljaz Kramberger and Anders Glent Buch and Norbert Kr{\"u}ger and Ales Ude",
	journal 	= "Industrial Robot",
	number 		= "6",
	pages 		= "575--584",
	title 		= "Solving peg-in-hole tasks by human demonstration and exception strategies",
	volume 		= "41",
	year 		= "2014",
	url 		= "http://dx.doi.org/10.1108/IR-07-2014-0363"
}

@INPROCEEDINGS{learn_force_c_icirs_2011,
	author		= {Mrinal Kalakrishnan and Ludovic Righetti and Peter Pastor and Stefan Schaal},
	booktitle	= {International Conference on Intelligent Robots and Systems (ICRA)},
	title		= {Learning force control policies for compliant manipulation},
	year		= {2011},
	pages		= {4639--4644},
	month		= {Sept},
	url		= {http://dx.doi.org/10.1109/IROS.2011.6095096},
}

@INPROCEEDINGS{Schaal04learningmovement,
    	author 		= {Stefan Schaal and Jan Peters and Jun Nakanishi and Auke Ijspeert},
    	title 		= {Learning movement primitives},
    	booktitle 	= {11th International Symposium on Robotics Research (ISRR)},
    	year 		= {2004},    	
	url 		= {http://dx.doi.org/10.1007/11008941_60}
}

@INPROCEEDINGS{trans_workpiece_icra_2013,
	author 		= {Bojan Nemec and Fares Abu-Dakka and Barry Ridge and et. al},
	booktitle	= {International Conference on Advanced Robotics (ICAR)},
	title		= {Transfer of assembly operations to new workpiece poses by adaptation to the desired force profile},
	year		= {2013},
	pages		= {1--7},
	month		= {Nov},
	url		= {http://dx.doi.org/10.1109/ICAR.2013.6766568}
}	

@INPROCEEDINGS{compliant_manip_icra_2008,
	author		= {Seung-kook Yun},
	booktitle	= {International Conference on Robotics and Automation (ICRA)},
	title		= {Compliant manipulation for peg-in-hole: Is passive compliance a key to learn contact motion?},
	year		= {2008},
	pages		= {1647-1652},
	month		= {May},
	url		= {http://dx.doi.org/10.1109/ROBOT.2008.4543437}
}

@article{rl_gradient_survey_2013,
	author 		= {Marc Peter Deisenroth and Gerhard Neumann and Jan Peters},
	title	 	= {A Survey on Policy Search for Robotics},
	year 		= {2013},
	volume 		= {2},
	journal 	= {Foundations and Trends in Robotics},
	number 		= {1-2},
	pages 		= {1--142},
	url 		= {http://dx.doi.org/10.1561/2300000021}
}

@Article{Kober2011,
	author		="Kober, Jens and Peters, Jan",
	title		="Policy search for motor primitives in robotics",
	journal		="Machine Learning",
	year		="2011",
	volume		="84",
	number		="1",
	pages		="171--203",
	url		="http://dx.doi.org/10.1007/s10994-010-5223-6"
}

@article{Kormushev_MDPI_2013,
  	author 		= {Kormushev, Petar and Calinon, Sylvain and Caldwell, Darwin},
  	title 		= {Reinforcement Learning in Robotics: Applications and Real-World Challenges},
  	journal 	= {Robotics},
  	volume 		= {2},
  	year 		= {2013},
  	number 		= {3},
  	pages 		= {122--148},
  	url 		= {http://dx.doi.org/10.3390/robotics2030122}
}


@INPROCEEDINGS{dmp_grasp_iros_2011,
	author		={Freek Stulp and Evangelos Theodorou and Mrinal Kalakrishnan and Peter Pastor and Ludovic Righetti and Stefan Schaal},
	booktitle	={International Conference on Intelligent Robots and Systems (IROS)},
	title		={Learning motion primitive goals for robust manipulation},
	year		={2011},
	pages		={325--331},
	month		={Sept},
	url		={http://dx.doi.org/10.1109/IROS.2011.6094877}
}


@article{peter_nac_2008,
  	title 		= {Natural Actor-Critic},
  	author 		= {Peters, Jan and Schaal, Stefan},
  	journal 	= {Neurocomputing},
  	volume 		= {71},
  	number 		= {7-9},
  	pages 		= {1180--1190},
  	year 		= {2008},
  	month 		= {mar},
	url 		= {http://dx.doi.org/10.1016/j.neucom.2007.11.026}

}

@ARTICLE{gesture_calinon_2010,
	author		={Sylvain Calinon and Florent D'halluin and Eric Sauser and Darwin Caldwell and Aude Billard},
	journal		={IEEE Robotics Automation Magazine},
	title		={Learning and Reproduction of Gestures by Imitation},
	year		={2010},
	volume		={17},
	number 		={2},
	pages	 	={44--54},
	month		={jun},
	url		={http://dx.doi.org/10.1109/MRA.2010.936947}, 
}

@phdthesis{gmr_2004,
  	author       	= {Sung, Hsi Guang}, 
  	title        	= {Gaussian Mixture Regression and Classification},
  	school       	= {Rice University},
  	year         	= 2004
}

@article{DeisenrothNP2013,
  	title 		= {A Survey on Policy Search for Robotics},
  	author 		= {Marc Deisenroth, Gerhard Neumann and Jan Peters},
  	journal  	= {Foundations and Trends in Robotics},
  	volume 		= {2},
  	number 		= {1-2},
  	pages 		= {1--142},
  	year 		= {2013},
	url 		= {http://dx.doi.org/10.1561/2300000021}
}

@Book{Szepesvari:2010,
  	author 		= "Szepesv{\'a}ri, Csaba",
  	title 		= "Algorithms for Reinforcement Learning",
  	publisher 	= "Morgan {\&} Claypool",
  	year 		= "2010",
  	url 		= "http://www.sztaki.hu/~szcsaba/papers/RLAlgsInMDPs-lecture.pdf",
  }


@INPROCEEDINGS{Boyan95generalizationin,
    	author 		= {Justin Boyan and Andrew Moore},
    	title 		= {Generalization in Reinforcement Learning: Safely Approximating the Value Function},
    	booktitle 	= {Advances in Neural Information Processing Systems (NIPS)},
	volume 		= {7},
    	year 		= {1995},
    	pages		= {369--376},
    	
}

@ARTICLE{Atkeson97locallyweighted,
    	author 		= {Christopher Atkeson and Andrew Moore and Stefan Schaal},
    	title 		= {Locally weighted learning},
    	journal 	= {Artificial Inteligence},
    	year 		= {1997},
    	pages 		= {11--73},
	url 		= {http://dx.doi.org/10.1023/A:1006559212014}
}

@incollection{NIPS2008_3501,
	title 		= {Fitted Q-iteration by Advantage Weighted Regression},
	author 		= {Gerhard Neumann and Jan Peters},
	booktitle 	= {Advances in Neural Information Processing Systems (NIPS)},
	editor 		= {D. Koller and D. Schuurmans and Y. Bengio and L. Bottou},
	pages 		= {1177--1184},
	volume 		= {21},
	year 		= {2009},	
}

@Book{Bishop_2006,
  	author 		= "Bishop, Christopher",
  	title 		= "Pattern Recognition and Machine Learning",
  	year 		= "2006",
  	url 		= "http://research.microsoft.com/en-us/um/people/cmbishop/prml/"
}

@article{EBurdet1999,
	author 		= {Burdet, Etienne and Nuttin, Marnix},
	journal 	= {Journal of Intelligent and Robotic Systems},
	number 		= {1},
	pages 		= {43--68},
	title 		= {Learning Complex Tasks Using a Stepwise Approach},
	volume 		= {24},
	url 		= {http://dx.doi.org/10.1023/A:1008058131402}
}

@INPROCEEDINGS{Gullapalli_1994,
	author		={Vijaykumar Gullapalli and Andrew Barto and Roderic Grupen},
	booktitle	={International Conference on Robotics and Automation (ICRA)},
	title 		={Learning admittance mappings for force-guided assembly},
	year 		={1994},
	pages		={2633-2638},
	volume 		={3},
	month 		={May},
	url 		={http://dx.doi.org/10.1109/ROBOT.1994.351117}
}

@article{Abu-Dakka2014,
	author 		= {Abu-Dakka, Fares J. and Nemec, Bojan and Kramberger, Alja{\v{z}} and Buch, Anders Glent and Kr{\"{u}}ger, Norbert and Ude, Ales},
	journal 	= {Industrial Robot: An International Journal},
	number 		= {6},
	pages 		= {575--584},
	title 		= {Solving peg-in-hole tasks by human demonstration and exception strategies},
	volume 		= {41},
	year 		= {2014},
	url 		= {http://dx.doi.org/10.1108/IR-07-2014-0363}
}

@TECHREPORT{Bergman99recursivebayesian,
    	author 		= {Niclas Bergman and Niclas Bergman},
    	title 		= {Recursive Bayesian estimation: Navigation and tracking applications. Thesis No 579},
    	institution 	= {Link\"oping University, Link\"oping Studies in Science and Technology. Doctoral dissertation},
    	year 		= {1999}
}




