@INPROCEEDINGS{pomdp_toussain_iros_2015,
author={N. A. Vien and M. Toussaint},
booktitle={Intelligent Robots and Systems (IROS), 2015 IEEE/RSJ International Conference on},
title={POMDP manipulation via trajectory optimization},
year={2015},
pages={242-249},
doi={10.1109/IROS.2015.7353381},
month={Sept}
}
