% Discrete POMDP

% Very early work


@article{psace_mdp_1987,
 	author 		= {Papadimitriou, Christos and Tsitsiklis, John},
 	title 		= {The Complexity of Markov Decision Processes},
 	journal 	= {Mathematics of Operational Research},
 	volume 		= {12},
 	number 		= {3},
 	month 		= {Aug},
 	year 		= {1987},
 	pages 		= {441--450},
	url 		= {http://dx.doi.org/10.1287/moor.12.3.441},
}

@INPROCEEDINGS{acting_uncer_1996,
	author		= {Anthony Cassandra and Leslie Kaelbling and James Kurien},
	booktitle	= {International Conference on Intelligent Robots and Systems (IROS) },
	title		= {Acting under uncertainty: discrete Bayesian models for mobile-robot navigation},
	year		= {1996},
	volume		= {2},
	pages		= {963-972 vol.2},
	month		= {Nov}
}

% Q-MDP
@inproceedings{Littman95,
        Author 		= {Michael L. Littman and Anthony R. Cassandra and Leslie Pack Kaelbling},
        Booktitle 	= {International Conference on Machine Learning (ICML)},
        Title 		= {Learning Policies for Partially Observable Environments: Scaling Up},
        Year 		= {1995},
}

@article{Sondik_1973,
	author 		= {Richard Smallwood and Edward Sondik},
 	title 		= {The Optimal Control of Partially Observable Markov Processes over a Finite Horizon},
 	journal 	= {Oper. Res.},
 	volume 		= {21},
 	number 		= {5},
 	month 		= {Oct},
 	year 		= {1973},
 	pages 		= {1071--1088},
 	url 		= {http://dx.doi.org/10.1287/opre.21.5.1071},
}


@article{Kaelbling_1998,
 	author 		= {Kaelbling, Leslie Pack and Littman, Michael and Cassandra, Anthony},
 	title 		= {Planning and Acting in Partially Observable Stochastic Domains},
 	journal 	= {Artificial Intelligence},
 	volume 		= {101},
 	number 		= {1-2},
 	month 		= {May},
 	year 		= {1998},
 	pages 		= {99--134},
 	url 		= {http://dx.doi.org/10.1016/S0004-3702(98)00023-X}
} 


@INPROCEEDINGS{Roy99coastalnavigation,
    author 	= {Nicholas Roy and Sebastian Thrun},
    title 	= {Coastal Navigation with Mobile Robots},
    booktitle 	= {Advances in Neural Processing Systems (NIPS)},
    volume 	= {12},
    year 	= {1999},
    pages 	= {1043--1049}
}

% Online belief space planning

@article{Ross08onlineplanning,
 	author 	= {Ross, St{\'e}phane and Pineau, Joelle and Paquet, S{\'e}bastien and Chaib-draa, Brahim},
 	title 	= {Online Planning Algorithms for POMDPs},
 	journal = {Journal Artifcial Intelligence Research},
 	volume 	= {32},
 	number 	= {1},
 	month 	= {Jul},
 	year 	= {2008},
 	pages 	= {663--704},
 	url 	= {http://dl.acm.org/citation.cfm?id=1622673.1622690},
} 


% Belief space compression

@article{belief_compression_2005,
    	author 	= {Roy, Nicholas},
     	journal = {Journal of Artificial Intelligence Research},
    	title 	= {{Finding Approximate POMDP solutions Through Belief Compression}},
    	volume 	= {23},
    	year 	= {2005},
    	url    	= {http://citeseerx.ist.psu.edu/viewdoc/summary?doi=10.1.1.35.6180},
}

@incollection{EPCA_2003,
	title 		= {Exponential Family PCA for Belief Compression in POMDPs},
	author 		= {Nicholas Roy and Gordon, Geoffrey},
	booktitle 	= {Advances in Neural Information Processing Systems (NIPS)},
	volume 		= {15},
	editor 		= {S. Becker and S. Thrun and K. Obermayer},
	pages 		= {1667--1674},
	year 		= {2003},
	publisher 	= {MIT Press},
	url 		= {http://papers.nips.cc/paper/2319-exponential-family-pca-for-belief-compression-in-pomdps.pdf}
}


@article{bs_compression_2010,
	author 	= {Li, Xin and Cheung, William and Liu, Jiming},
    	journal = {Transactions on Systems, Man, and Cybernetics, Part B (Cybernetics)},
    	month 	= {Feb},
    	number 	= {1},
    	pages 	= {125--136},
     	title 	= {{Improving POMDP Tractability via Belief Compression and Clustering}},
     	volume 	= {40},
    	year 	= {2010},
	url 	= {http://dx.doi.org/10.1109/tsmcb.2009.2021573}   
}


% Point Based Value Iteration

@inproceedings{PBVI,
   	author 		= "Joelle Pineau and Geoffrey Gordon and Sebastian Thrun",
   	title 		= "Point-based value iteration: An anytime algorithm for POMDPs",
   	booktitle 	= "International Joint Conference on Artificial Intelligence (IJCAI)",
   	pages 		= "1025--1032",
   	month 		= "August",
   	year 		= "2003"
} 

@InProceedings{Veiga14aaai,
  	author 		= {Tiago Veiga and Matthijs Spaan and Pedro Lima},
  	title 		= {Point-based {POMDP} Solving with Factored Value Function Approximation},
  	booktitle 	= {Conference on Artificial Intelligence (AAAI)},
  	volume    	= {28},
  	year 		= {2014},
  	pages 		= {2512--2518}
}

@INPROCEEDINGS{HSV,
 	author 		= {Smith, Trey and Simmons, Reid},
 	title 		= {Heuristic Search Value Iteration for POMDPs},
 	booktitle 	= {Conference on Uncertainty in Artificial Intelligence (UAI)},
 	year 		= {2004},
 	pages 		= {520--527},
 	publisher 	= {AUAI Press},
 	address 	= {Arlington, Virginia, United States},
} 

@proceedings{FSVI,
  	editor    = {Manuela M. Veloso},
  	title     = {International Joint Conference Artificial Intelligence (IJCAI)},
  	month     = {Jan},
  	year      = {2007},
}

@article{HSVI2,
  	author    = {Trey Smith and Reid Simmons},
  	title     = {Point-Based {POMDP} Algorithms: Improved Analysis and Implementation},
  	journal   = {Conference on Uncertainty in Artificial Intelligence (UAI) },
  	year      = {2005},
  	url       = {http://arxiv.org/abs/1207.1412}
}

@ARTICLE{continusou_PBVI,
    author 	= {Josep Porta and Nikos Vlassis and Matthijs Spaan and Pascal Poupart},
    title 	= {Point-Based Value Iteration for Continuous POMDPs},
    journal 	= {Jounral of Machine Learning Research},
    year 	= {2006},
    volume 	= {7},
    pages 	= {2329--2367}
}

@article{Perseus_2005,
 	author 	= {Spaan, Matthijs and Vlassis, Nikos},
 	title 	= {Perseus: Randomized Point-based Value Iteration for POMDPs},
 	journal = {Journal of Artificial Intelligence Research},
  	volume 	= {24},
 	number 	= {1},
 	month 	= {Aug},
 	year 	= {2005},
 	pages 	= {195--220},
 	url 	= {http://dl.acm.org/citation.cfm?id=1622519.1622525}
} 


@article{Macro_uncertainty_2011,
 	author 	= {He, Ruijie and Brunskill, Emma and Roy, Nicholas},
 	title 	= {Efficient Planning Under Uncertainty with Macro-actions},
 	journal = {Artificial Intelligence Research},
 	volume 	= {40},
 	number 	= {1},
 	month 	= {Jan},
 	year 	= {2011},
 	pages 	= {523--570},
 	url 	= {http://dl.acm.org/citation.cfm?id=2016945.2016959}
} 


@ARTICLE{vf_approx_POMDP_2000,
    	author 	= {Milos Hauskrecht},
    	title 	= {Value-function approximations for partially observable Markov decision processes},
    	journal = {Journal of Artificial Intelligence Research},
    	year 	= {2000},
    	volume 	= {13},
    	pages 	= {33--94}
}

% Gradient 
%Particle POMDP

@incollection{PF_gradient_pomdp_2008,
    	title 		= {Particle Filter-based Policy Gradient in POMDPs},
    	booktitle 	= {Advances in Neural Information Processing Systems (NIPS)},
    	volume 		= {21},
    	author 		= {Pierre-arnaud Coquelin and Romain Deguest and RÃ©mi Munos},
    	editor 		= {D. Koller and D. Schuurmans and Y. Bengio and L. Bottou},
    	year 		= {2008},
    	pages 		= {337--344},
    	url 		= {http://books.nips.cc/papers/files/nips21/NIPS2008_0628.pdf}
} 

@INPROCEEDINGS{Baxter_GPOMDP_2000,
    	author 		= {Jonathan Baxter and Peter Bartlett},
    	title 		= {Reinforcement Learning in POMDP's via Direct Gradient Ascent},
    	booktitle 	= {International Conference on Machine Learning},
    	year 		= {2000},
	volume 		= {17},
    	pages 		= {41--48},
    	publisher 	= {Morgan Kaufmann}
}


@ARTICLE{ac_survey_2012,
	author 		= {Ivo Grondman and Lucian Busoniu and Gabriel Lopes and Robert Babuska},
	journal 	= {Transactions on Systems, Man, and Cybernetics, Part C (Applications and Reviews)},
	title 		= {A Survey of Actor-Critic Reinforcement Learning: Standard and Natural Policy Gradients},
	year 		= {2012},
	volume 		= {42},
	number 		= {6},
	pages 		= {1291--1307},
	month 		= {Nov},
	url 		= {http://dx.doi.org/10.1109/TSMCC.2012.2218595}

}

@article{REINFORCE,
	year		= {1992},
	journal		= {Machine Learning},
	volume		= {8},
	number		= {3-4},
	title		= {Simple statistical gradient-following algorithms for connectionist reinforcement learning},
	publisher	= {Kluwer Academic Publishers},
	author		= {Williams, Ronald},
	pages		= {229--256},
	url		= {http://dx.doi.org/10.1007/BF00992696}
}


@article{Peters_NN_2008,
  	author	 	= "Peters, Jan and  Schaal, Stefan",
  	year 	 	= "2008",
  	title 		= "Reinforcement learning of motor skills with policy gradients",
  	booktitle 	= "Neural Networks",
  	number 		= "4",
  	pages 		= "682--97",
}

% Next best touch

@INPROCEEDINGS{next_best_touch,
	author		= {Hebert, Paul and Howard, Thomas and Hudson, Nicolas and Ma, Jeremy and Burdick, Joel},
	booktitle	= {International Conference on Robotics and Automation (ICRA)},
	title		= {The next best touch for model-based localization},
	year		= {2013},
	month		= {May},
	pages		= {99--106},
	url		= {http://dx.doi.org/10.1109/ICRA.2013.6630562}
}


% 		Optimal control methods

@INPROCEEDINGS{Platt-RSS-10,
    AUTHOR    = {Robert Platt and Russ Tedrake and Leslie Kaelbling and Tomas Lozano-Perez},
    TITLE     = {Belief space planning assuming maximum likelihood observations},
    BOOKTITLE = {Proceedings of Robotics: Science and Systems},
    YEAR      = {2010},
    ADDRESS   = {Zaragoza, Spain},
    MONTH     = {June}
}

 
%


@INPROCEEDINGS{Quadrator_2008,
	author		= {Ruijie He and  Sam Prentice and Nicholas Roy},
	booktitle	= {International Conference on Robotics and Automation (ICRA)},
	title		= {Planning in information space for a quadrotor helicopter in a GPS-denied environment},
	year		= {2008},
	month		= {May},
	pages		= {1814--1820},
	url		= {http://dx.doi.org/10.1109/ROBOT.2008.4543471}
}

@Article{BelRoadMap_2009,
  	author 		= {Samuel Prentice and Nicholas Roy},
  	title 		= {The Belief Roadmap: Efficient Planning in Belief Space by Factoring the Covariance},
  	journal 	= {International Journal of Robotics Research},
  	year 		= {2009},
  	volume 		= {8},
  	number 		= {11-12},
  	pages 		= {1448--1465},
  	month 		= {December}
}
  

@article{LQG_MP_2011,
 	author 		= {Van Den Berg, Jur and Abbeel, Pieter and Goldberg, Ken},
 	title 		= {LQG-MP: Optimized Path Planning for Robots with Motion Uncertainty and Imperfect State Information},
 	journal 	= {Int. J. Rob. Res.},
 	volume 		= {30},
 	number 		= {7},
 	month 		= {Jun},
 	year 		= {2011},
 	pages 		= {895--913},
 	url 		= {http://dx.doi.org/10.1177/0278364911406562}
} 

@INPROCEEDINGS{Needle_2014,
	author		= {Wen Sun and Ron Alterovitz},
	booktitle	= {International Conference on Intelligent Robots and Systems (IROS)},
	title		= {Motion planning under uncertainty for medical needle steering using optimization in belief space},
	year		= {2014},
	pages		= {1775--1781},
	month		= {Sept},
	url		= {http://dx.doi.org/10.1109/IROS.2014.6942795}
}

% Policy search

@article{Bayesian_explor_exploit_2009,
	year 		= {2009},
	journal 	= {Autonomous Robots},
	volume  	= {27},
	number  	= {2},
	title 		= {A Bayesian exploration-exploitation approach for optimal online sensing and planning with a visually guided mobile robot},
	publisher	= {Springer US},
	author		= {Martinez-Cantin, Ruben and de Freitas, Nando and Brochu, Eric and Castellanos, JosÃ© and Doucet, Arnaud},
	url		= {http://dx.doi.org/10.1007/s10514-009-9130-2}
}

@inproceedings{p_search_pomdp_1998,
 	author 		= {Hansen, Eric},
 	title 		= {Solving POMDPs by Searching in Policy Space},
 	booktitle 	= {Conference on Uncertainty in Artificial Intelligence (UAI)},
 	year 		= {1998},
 	pages 		= {211--219},
	volume 		= {14},
 	url 		= {http://dl.acm.org/citation.cfm?id=2074094.2074119}
} 


@inproceedings{Kurniawati2009MotionPU,
  	title		= {Motion Planning under Uncertainty for Robotic Tasks with Long Time Horizons},
  	author		= {Hanna Kurniawati and Yanzhu Du and David Hsu and Wee Sun Lee},
  	booktitle	= {ISRR},
  	year		= {2009}
}


@INPROCEEDINGS{MCVI,
    	author 		= {Haoyu Bai and David Hsu and Wee Sun Lee and Vien Ngo},
    	title 		= {Monte Carlo Value Iteration for Continuous-State POMDPs},
    	booktitle 	= {Workshop on the algorithmic foundations of robotics},
    	year 		= {2010}
}


% Sample based POMDP policy

@inproceedings{Rand_belief_space_replanning,
  	author 		= {Hauser, Kris},
  	booktitle 	= {WAFR},
  	pages 		= {193--209},
  	title 		= {Randomized Belief-Space Replanning in Partially-Observable Continuous Spaces.},
  	volume 		= {68},
  	year 		= {2010},
  	url 		= {http://dx.doi.org/10.1007/978-3-642-17452-0_12}
}


% Pursuit evasion in a multi robot domain

@INPROCEEDINGS{Pursuit_evasion_2004,
    author 		= {Brian Gerkey and Sebastian Thrun and Geoff Gordon},
    title 		= {Visibility-based pursuit-evasion with limited field of view},
    booktitle 		= {International Journal of Robotics Research (IJRR)},
    year 		= {2004},
    pages 		= {20--27}
}


% Reward functions

@INPROCEEDINGS{Mihaylova02activesensing,
    author 		= {Lyudmila Mihaylova and Tine Lefebvre and Herman Bruyninckx and Klaas Gadeyne and de Schutter, Joris},
    title 		= {Active Sensing for Robotics - A Survey},
    booktitle 		= {International Conferrence On Numerical Methods and Applications},
    year 		= {2002},
    pages 		= {316--324}
}


@proceedings{PbD_Sylvain_static_representation,
    	author 	= {Calinon, Sylvain and Guenter, Florent and Billard, Aude},
   	journal = {International Conference on Robotics and Automation (ICRA)},
    	pages 	= {2978--2983},
    	title 	= {{On learning the statistical representation of a task and generalizing it to various contexts}},
        year 	= {2006},
	url 	= {http://dx.doi.org/10.1109/robot.2006.1642154}
}


% function approximation 


@INPROCEEDINGS{Gordon95stablefunction,
    	author 		= {Geoffrey Gordon},
    	title 		= {Stable Function Approximation in Dynamic Programming},
    	booktitle 	= {International Conference In Machine Learning},
    	volume 		= {12},
    	year 		= {1995},
    	publisher 	= {Morgan Kaufmann}
}

@TechReport{Ellsberg_paradox,
  	author 		= {Daniel Ellsberg},
  	title		= {Risk, Ambiguity and the Savage Axioms},
  	year 		= {2000},
  	month 		= {Dec},
   	number		= {7605},
	url 		= {http://ideas.repec.org/p/cla/levarc/7605.html}
}


@INPROCEEDINGS{POMDP_approach_2010,
	AUTHOR = "Yanzhu Du and David Hsu and Hanna Kurniawati and Wee Lee and Sylvie Ong and Shao Png",
	TITLE = "A POMDP Approach to Robot Motion Planning under Uncertainty",
	BOOKTITLE = "International Conference on Automated Planning and Scheduling, Workshop on Solving Real-World POMDP Problems",
	YEAR = "2010"
}


@incollection{Billard08chapter,
	author 		= {Aude Billard and Sylvain Calinon and R\"{u}diger Dillmann and Stefan Schaal},
	title 		= {Robot Programming by Demonstration},
	booktitle	= {Handbook of Robotics},
	year 		= {2008},
	pages 		= {1371--1394}
}


% Active Exploration and planning 

@INPROCEEDINGS{active_RSS_07,
    	AUTHOR    = {Ruben Martinez-Cantin and Nando {de Freitas} and Arnaud Doucet and Jos\'{e} Castellanos},
    	TITLE     = {Active Policy Learning for Robot Planning and Exploration under Uncertainty},
    	BOOKTITLE = {Proceedings of Robotics: Science and Systems},
    	YEAR      = {2007},
    	MONTH     = {Jun},
    	url       = {http://dx.doi.org/10.15607/RSS.2007.III.041} 
}

ï»¿@Article{Martinez-Cantin2009,
	author	= "Martinez-Cantin, Ruben and Freitas,  Nando and Brochu, Eric and Castellanos, Jos{\'e} and Doucet, Arnaud",
	title	= "A Bayesian exploration-exploitation approach for optimal online sensing and planning with a visually guided mobile robot",
	journal	= "Autonomous Robots",
	year	= "2009",
	volume	= "27",
	number	= "2",
	pages	= "93--103",
	url	= "http://dx.doi.org/10.1007/s10514-009-9130-2"
}


% Continuous POMDP


@incollection{mc_update_ppomdps,
	author		= {Brooks, Alex and Williams, Stefan},
	title 		= {A Monte Carlo Update for Parametric POMDPs},
	year		= {2011},
	booktitle	= {Robotics Research},
	volume		= {66},
	pages		= {213--223},
	url 		= {http://dx.doi.org/10.1007/978-3-642-14743-2_19}
}

@INPROCEEDINGS{Erez10ascalable,
    	author 		= {Tom Erez and William Smart},
    	title 		= {A Scalable Method for Solving High-Dimensional Continuous POMDPs Using Local Approximation},
    	booktitle 	= {Conference on Uncertainty in Artificial Intelligence (UAI)},
    	year 		= {2010}
}

@incollection{MCVI_CS_POMDPs,
	author 		= {Bai, Haoyu and Hsu, David and Lee, WeeSun and Ngo, Vien},
	year 		= {2011},
	booktitle 	= {Algorithmic Foundations of Robotics (RSS)},
	volume 		= {68},
	title 		= {Monte Carlo Value Iteration for Continuous-State POMDPs},
	url		= {http://dx.doi.org/10.1007/978-3-642-17452-0_11}
}

@incollection{NIPS2011_4477,
	title 		= {Monte Carlo Value Iteration with Macro-Actions},
	author 		= {Zhan Lim and Lee Sun and Daniel Hsu},
	booktitle 	= {Advances in Neural Information Processing Systems (NIPS)},
	volume    	= {24},
	pages 		= {1287--1295},
	year 		= {2011},
	url 		= {http://papers.nips.cc/paper/4477-monte-carlo-value-iteration-with-macro-actions.pdf}
}

@inproceedings{solving_continous_pomdps_2013,
    	Publisher 	= {JMLR Workshop and Conference Proceedings},
    	Author 		= {Sebastian Brechtel and Tobias Gindele and R\"udiger Dillmann},
    	Booktitle 	= {International Conference on Machine Learning (ICML)},
    	Title 		= {Solving Continuous POMDPs: Value Iteration with Incremental Learning of an Efficient Space Representation},
    	Month 		= {May},
    	Volume 		= {28},
    	Year 		= {2013},
    	Pages 		= {370--378},
    	url 		= {http://jmlr.org/proceedings/papers/v28/brechtel13.pdf}
} 

@InProceedings{Spaan05icra,
  	author 		= {Matthijs Spaan and Nikos Vlassis},
  	title 		= {Planning with continuous actions in partially observable environments},
  	booktitle 	= {International Conference on Robotics and Automation (ICRA)},
  	pages 		= {3469--3474},
  	year 		= {2005}
}


@ARTICLE{PBVI_C_2006,
    	author 	= {Josep Porta and Nikos Vlassis and Matthijs Spaan and Pascal Poupart},
    	title 	= {Point-Based Value Iteration for Continuous POMDPs},
    	journal = {Journal of machine learning research},
    	year 	= {2006},
    	volume 	= {7},
    	pages 	= {2329--2367}
}

@InProceedings{MC-POMDP,
  	author 		= "Thrun, Sebastian",
  	title 		= "Monte Carlo {POMDP}s",
  	booktitle 	= "Advances in Neural Information Processing Systems (NIPS)",
  	year 		= "2000",
  	pages 		= "1064--1070",
}

@INPROCEEDINGS{Porta05robotplanning,
    	author 		= {Josep Porta and Matthijs Spaan and Nikos Vlassis},
    	title 		= {Robot planning in partially observable continuous domains},
    	booktitle 	= {Robotics Science and Systems I (RSS)},
    	year 		= {2005},
    	pages 		= {217--224}
}


@article{PPOMDP_2006,
	author 		= "Alex Brooks and Alexei Makarenko and Stefan Williams and Hugh Durrant-Whyte",
	title 		= "Parametric \{POMDPs\} for planning in continuous state spaces ",
	journal 	= "Robotics and Autonomous Systems (RAS)",
	volume 		= "54",
	number 		= "11",
	pages 		= "887--897",
	year 		= "2006",
	url 		= "http://dx.doi.org/10.1016/j.robot.2006.05.007"
}


%% Belief space planning

@inproceedings{bsp_rss_2010a,
    	author 		= {Robert Platt and Russell Tedrake and Leslie Kaelbling and Tom\'{a}s Lozano-P\'{e}rez},
    	title 		= {Belief space planning assuming maximum likelihood observations}, 
    	booktitle 	= {Robotics Science and Systems Conference (RSS)},
    	year 		= {2010},
    	url  		= {http://groups.csail.mit.edu/robotics-center/public_papers/Platt10.pdf}
}

@article{plan_cont_bel_space_2015,
	author 		= {Indelman, Vadim and Carlone, Luca and Dellaert, Frank}, 
	title 		= {Planning in the continuous domain: A generalized belief space approach for autonomous navigation in unknown environments},
	volume 		= {34}, 
	number 		= {7}, 
	pages 		= {849--882}, 
	year 		= {2015}, 
	journal 	= {International Journal of Robotics Research (IJRR)},
	url 		= {http://dx.doi.org/10.1177/0278364914561102}
}

@article{bel_roadmap_2009,
	author  	= {Prentice, Samuel and Roy, Nicholas}, 
	title   	= {The Belief Roadmap: Efficient Planning in Belief Space by Factoring the Covariance},
	volume  	= {28}, 
	number  	= {11-12}, 
	pages   	= {1448--1465}, 
	year    	= {2009}, 
	journal 	= {International Journal of Robotics Research (IJRR)},
	url     	= {http://dx.doi.org/10.1177/0278364909341659}
}

@INPROCEEDINGS{FIRM_2011,
	author		= {Ali-akbar Agha-mohammadi and Suman Chakravorty and Nancy Amato},
	booktitle	= {International Conference on Intelligent Robots and Systems (IROS)},
	title		= {FIRM: Feedback controller-based information-state roadmap - A framework for motion planning under uncertainty},
	year		= {2011},
	pages		= {4284--4291},
	month		= {Sept},
	url		= {http://dx.doi.org/10.1109/IROS.2011.6095010},
}

@INPROCEEDINGS{rob_online_bs_icra_2014,
	author		= {Ali-akbar Agha-mohammadi and Saurav Agarwal and Aditya Mahadevan and Suman Chakravorty and Daniel Tomkins and Jory Denny and Nancy Amato},
	booktitle	= {International Conference on Robotics and Automation (ICRA)},
	title		= {Robust online belief space planning in changing environments: Application to physical mobile robots},
	year		= {2014},
	pages		= {149--156},
	month		= {May},
	url		= {http://dx.doi.org/10.1109/ICRA.2014.6906602}
}


@INPROCEEDINGS{non_gauss_bel_plan_2012,
	author 		= {Robert Platt and Leslie Kaelbling and Tomas Lozano-Perez and Russ Tedrake},
	booktitle 	= {International Conference on Robotics and Automation (ICRA)},
	title 		= {Non-Gaussian belief space planning: Correctness and complexity},
	year 		= {2012},
	pages 		= {4711--4717},
	month 		= {May},
	url 		= {http://dx.doi.org/10.1109/ICRA.2012.6225223}
}

@article{int_motion_planning_2013,
 	author 		= {Kaelbling, Leslie Pack and Lozano-P{\'e}rez, Tom\'{a}s},
 	title 		= {Integrated Task and Motion Planning in Belief Space},
 	journal 	= {International Journal of Robotic Research (IJRR)},
 	volume 		= {32},
 	number 		= {9-10},
 	month 		= {Aug},
 	year 		= {2013},
 	pages 		= {1194--1227},
 	url 		= {http://dx.doi.org/10.1177/0278364913484072}
} 

%% Local Search

@article{van_den_Berg_2012,
	author 		= {van den Berg, Jur and Patil, Sachin and Alterovitz, Ron}, 
	title 		= {Motion planning under uncertainty using iterative local optimization in belief space},
	volume 		= {31}, 
	number 		= {11}, 
	pages 		= {1263--1278}, 
	year 		= {2012}, 
	journal 	= {International Journal of Robotics Research (IJRR)},
	url 		= {http://dx.doi.org/10.1177/0278364912456319}
}

%  Heuristic

@INPROCEEDINGS{where_look_2012,
	author		= {Jose Nunez-Varela and B. Ravindran and Jeremy Wyatt},
	booktitle	= {International Conference on Robotics and Automation (ICRA)},
	title		= {Where do i look now? Gaze allocation during visually guided manipulation},
	year		= {2012},
	pages		= {4444--4449},
	month		= {May},
	url		= {http://dx.doi.org/10.1109/ICRA.2012.6225226},
}

@inproceedings{qmdp_ijcnn_2014,
  	author    	= {Yong Lin and Xingjia Lu and Fillia Makedon},
  	title     	= {Approximate planning in POMDPs via {MDP} heuristic},
  	booktitle 	= {International Joint Conference on Neural Networks (2014)},
  	pages     	= {1304--1309},
  	year      	= {2014},
  	url       	= {http://dx.doi.org/10.1109/IJCNN.2014.6889576},
}

@inproceedings{dense_entropy_icra_2014,
  	author    	= {Joan Vallve and Juan Andrade{-}Cetto},
  	title     	= {Dense entropy decrease estimation for mobile robot exploration},
  	booktitle 	= {International Conference on Robotics and Automation (ICRA)},
  	pages     	= {6083--6089},
  	year      	= {2014},
  	url       	= {http://dx.doi.org/10.1109/ICRA.2014.6907755},
}

@INPROCEEDINGS{Uncer_reduction_heuristic_2015,
	author		= {Qiwen Zhang and Ioannis Rekleitis and Gregory Dudek},
	booktitle	= {Conference on Computer and Robot Vision (CRV)},
	title		= {Uncertainty Reduction via Heuristic Search Planning on Hybrid Metric/Topological Map},
	year		= {2015},
	pages		= {222--229},
	month		= {June},
	url		= {http://dx.doi.org/10.1109/CRV.2015.36}
}


@INPROCEEDINGS{seq_info_gain_iros_2013,
	author 		= {Claudio Zito and Marek Kopicki and Rustam and Christoph Borst and Florian Schmidt and et. al},
	booktitle	= {International Conference on Intelligent Robots and Systems (IROS)},
	title		= {Sequential trajectory re-planning with tactile information gain for dexterous grasping under object-pose uncertainty},
	year		= {2013},
	pages		= {4013--4020},
	month		= {Nov}
}

@article{Efficient_touch_2012,
  	author    = {Shervin Javdani and Matthew Klingensmith and Drew Bagnell and Nancy Pollard and Siddhartha Srinivasa},
  	title     = {Efficient Touch Based Localization through Submodularity},
  	journal   = {International Conference on Intelligent Robots and Systems (IROS)},
	pages     = {4013--4020},
	month     = {Nov},
  	year      = {2013}
}

@INPROCEEDINGS{uav_inspec_ICRA_2012,
	author		= {Geoffrey Hollinger and Brendan Englot and Franz Hover and Urbashi Mitra and Gaurav Sukhatme},
	booktitle	= {International Conference on Robotics and Automation (ICRA)},
	title		= {Uncertainty-driven view planning for underwater inspection},
	year		= {2012},
	pages		= {4884-4891},
	month		= {May}
}

ï»¿@Inbook{Hauser_2011,
	author 		= "Hauser, Kris",
	chapter 	= "Randomized Belief-Space Replanning in Partially-Observable Continuous Spaces",
	title 		= "International Workshop on the Algorithmic Foundations of Robotics",
	booktitle 	= "Algorithmic Foundations of Robotics (WAFR)",
	year 		= "2011",
	volume 		= "9",
	pages 		= "193--209",
	url 		= "http://dx.doi.org/10.1007/978-3-642-17452-0_12"
}

% Grasping


@INPROCEEDINGS{Hsiao_RSS_10,
    	AUTHOR    = {Kaijen Hsiao and Leslie Kaelbling and Lozano-P{\'e}rez, Tom\'{a}s},
    	TITLE     = {Task-Driven Tactile Exploration},
    	BOOKTITLE = {Robotics Science and Systems (RSS)},
    	YEAR      = {2010},
    	ADDRESS   = {Zaragoza, Spain},
    	MONTH     = {June},
    	url       = {http://dx.doi.org/10.15607/RSS.2010.VI.029} 
}


@INPROCEEDINGS{pomdp_iros_tous_2015,
	author		= {Ngo Vien and Marc Toussaint},
	booktitle 	= {International Conference on Intelligent Robots and Systems (IROS)},
	title 		= {POMDP manipulation via trajectory optimization},
	year 		= {2015},
	pages 		= {242--249},
	month		= {Sept}
}


@INPROCEEDINGS{pomdp_uns_env_ICRA_2014,
	author 		= {Hongtai Cheng and Heping Chen and Lina Hao and Wei Li},
	booktitle	= {International Conference on Robotics and Automation (ICRA)},
	title 		= {Robot learning based on Partial Observable Markov Decision Process in unstructured environment},
	year 		= {2014},
	pages		= {4399--4404},
	month 		= {May},
	url		= {http://dx.doi.org/10.1109/ICRA.2014.6907500}
}


@INPROCEEDINGS{seq_traj_replan_iros_2013,
	author 		= {Claudio Zito and Marek Kopicki and Rustam Stolkin and Christoph Borst and Florian Schmidt and Maximo Roa and Jeremy Wyatt},
	booktitle 	= {International Conference on Intelligent Robots and Systems (IROS)},
	title 		= {Sequential trajectory re-planning with tactile information gain for dexterous grasping under object-pose uncertainty},
	year 		= {2013},
	pages 		= {4013--4020},
	month 		= {Nov},
	url 		= {http://dx.doi.org/10.1109/IROS.2013.6696930}
}


@INPROCEEDINGS{learn_grasp_un_icra_2011,
	author 		= {Freek Stulp and Evangelos Theodorou and Jonas Buchli and Stefan Schaal},
	booktitle 	= {International Conference on Robotics and Automation (ICRA)},
	title 		= {Learning to grasp under uncertainty},
	year 		= {2011},
	pages 		= {5703--5708},
	month 		= {May},
	url		= {http://dx.doi.org/10.1109/ICRA.2011.5979644}
}


@INPROCEEDINGS{u_aware_grasp_ICRA_2015,
	author 		= {Dong Chen and Georg {von Wichert}},
	booktitle 	= {International Conference on Robotics and Automation (ICRA)},
	title 		= {An uncertainty-aware precision grasping process for objects with unknown dimensions},
	year 		= {2015},
	pages 		= {4312--4317},
	month 		= {May},
	url 		= {http://dx.doi.org/10.1109/ICRA.2015.7139794}
}

@article{Li_2015,
	author 		= "Miao Li and Kaiyu Hang and Danica Kragic and Aude Billard",
	title 		= "Dexterous grasping under shape uncertainty ",
	journal 	= "Robotics and Autonomous Systems (RAS)",
	volume 		= "75, Part B",
	pages 		= "352--364",
	year 		= "2016",
	url 		= "http://dx.doi.org/10.1016/j.robot.2015.09.008",

}

@InProceedings{stachniss05robotics,
  	TITLE 		= {Information Gain-based Exploration Using Rao-Blackwellized Particle Filters},
  	AUTHOR 		= {Stachniss, Cyrill and Grisetti, Grisetti and Burgard, Wolfram},
  	BOOKTITLE	= {Robotics Science and Systems (RSS)},
  	YEAR 		= {2005}
}


% 	Under Water Vehicles

@INPROCEEDINGS{un_water_inspection_icra_2012,
	author 		= {Geoffrey Hollinger and Brendan Englot and Franz Hover and Urbashi Mitra and Gaurav Sukhatme},
	booktitle 	= {International Conference on Robotics and Automation (ICRA)},
	title		= {Uncertainty-driven view planning for underwater inspection},
	year 		= {2012},
	pages 		= {4884--4891},
	month 		= {May},
	url		= {http://dx.doi.org/10.1109/ICRA.2012.6224726}
}

% Policy Search

@ARTICLE{dmp_seq_2012,
	author		= {Freek Stulp and Evangelos Theodorou and Stefan Schaal},
	journal		= {Transactions on Robotics (TRO)},
	title		= {Reinforcement Learning With Sequences of Motion Primitives for Robust Manipulation},
	year		= {2012},
	volume		= {28},
	number		= {6},
	pages		= {1360-1370},
	month		= {Dec},
	url		= {http://dx.doi.org/10.1109/TRO.2012.2210294}
}

@InProceedings{sis_pomdp_2002,
  	author 		= "Aberdeen, Douglas and Baxter, Jonathan",
  	title 		= "Scaling Internal-State Policy-Gradient Methods for POMDPs",
  	booktitle 	= "International Conference on Machine Learning (ICML)",
  	year 		= "2002",
  	pages 		= "3--10",
  	url 		= "http://users.rsise.anu.edu.au/~daa/files/papers/gradIstate-icml.pdf"
}


@inproceedings{Sol_POMDP_Policy_space_1998,
 	author 		= {Hansen, Eric},
 	title 		= {Solving POMDPs by Searching in Policy Space},
 	booktitle 	= {Conference on Uncertainty in Artificial Intelligence (UAI)},
 	year 		= {1998},
 	pages 		= {211--219}
} 

@inproceedings{Pegasus_2000,
 	author 		= {Ng, Andrew and Jordan, Michael},
 	title 		= {PEGASUS: A Policy Search Method for Large MDPs and POMDPs},
 	booktitle 	= {Conference on Uncertainty in Artificial Intelligence (UAI)},
 	series 		= {UAI'00},
 	year 		= {2000},
  	pages 		= {406--415},
 	url 		= {http://dl.acm.org/citation.cfm?id=2073946.2073994}
} 


% Fitted Q-Iteration in POMDP

@article{DRQ_AAAI_2015,
	author 		= {Matthew Hausknecht and Peter Stone},
	title 		= {Deep Recurrent Q-Learning for Partially Observable MDPs},
	journal 	= {Association for the Advancement of Artificial Intelligence (AAAI)},
	year 		= {2015},
	url 		= {https://www.aaai.org/ocs/index.php/FSS/FSS15/paper/view/11673}
}

@article{mnih-dqn-2015,
	Author 		= {Mnih, Volodymyr},
	Journal 	= {Nature},
	Month 		= {02},
	Number 		= {7540},
	Pages 		= {529--533},
	Publisher 	= {Nature Publishing Group, a division of Macmillan Publishers Limited. All Rights Reserved.},
	Title 		= {Human-level control through deep reinforcement learning},
	Volume 		= {518},
	Year 		= {2015},
	url 		= {http://dx.doi.org/10.1038/nature14236}
}

@inbook{RL_book_sa, 
	author 		= {Now\'{e}, A. and Vrancx, P. and De Hauwere, Y-M.}, 
	title 		= {Reinforcement Learning: State-of-the-Art}, 
	chapter 	= {Game Theory and Multi-agent Reinforcement Learning}, 
	pages 		= {441--470}, 
	year 		= {2012}, 
	url 		= {http://www.springer.com/engineering/computational+intelligence+and+complexity/book/978-3-642-27644-6}
}


@INPROCEEDINGS{Boyan95generalizationin,
    	author 		= {Justin Boyan and Andrew Moore},
    	title 		= {Generalization in Reinforcement Learning: Safely Approximating the Value Function},
    	booktitle 	= {Advances in Neural Information Processing Systems (NIPS)},
    	volume 		= {7},
    	year 		= {1995},
    	pages 		= {369--376}    
}


@INPROCEEDINGS{approx_rl_overview_2011,
	author		= {Lucian Busoniu and Damien Ernst and Bart {de Schutter} and Robert. Babuska},
	booktitle	= {Symposium on Adaptive Dynamic Programming and Reinforcement Learning (ADPRL)},
	title		= {Approximate reinforcement learning: An overview},
	year		= {2011},
	pages		= {1-8},
	month		= {April},
	url		= {http://dx.doi.org/10.1109/ADPRL.2011.5967353}
}

@incollection{NIPS2002_2319,
	title 		= {Exponential Family PCA for Belief Compression in POMDPs},
	author 		= {Nicholas Roy and Gordon, Geoffrey},
	booktitle 	= {Advances in Neural Information Processing Systems (NIPS)},
	volume		= {15},
	pages 		= {1667--1674},
	year 		= {2003},
	url 		= {http://papers.nips.cc/paper/2319-exponential-family-pca-for-belief-compression-in-pomdps.pdf}
}

@INPROCEEDINGS{pomdp_toussain_iros_2015,
	author		= {Ngo Vien and Marc Toussaint},
	booktitle	= {International Conference on Intelligent Robots and Systems (IROS)},
	title		= {POMDP manipulation via trajectory optimization},
	year		= {2015},
	pages		= {242--249},
	month		= {Sept},
	url		= {http://dx.doi.org/10.1109/IROS.2015.7353381}
}

@INPROCEEDINGS{approx_pomdp_vs_mdp_2014,
	author	  = {Yong Lin and Xingjia Lu and Fillia Makedon},
	booktitle = {International Joint Conference on Neural Networks (IJCNN)},
	title 	  = {Approximate planning in POMDPs via MDP heuristic},
	year 	  = {2014},
	pages     = {1304--1309},
	month     = {July}
}

@INPROCEEDINGS{RENQ_2010,
	author	 	= {Marco Wiering and Thijs Kooi},
	booktitle	= {International Joint Conference on Neural Networks (IJCNN)},
	title	 	= {Region enhanced neural Q-learning for solving model-based POMDPs},
	year	 	= {2010},
	pages	 	= {1--8},
	url		= {http://dx.doi.org/10.1109/IJCNN.2010.5596811},
	month		= {July}
}


