@article{Tree_batch_2005,
 author = {Ernst, Damien and Geurts, Pierre and Wehenkel, Louis},
 title = {Tree-Based Batch Mode Reinforcement Learning},
 journal = {J. Mach. Learn. Res.},
 issue_date = {12/1/2005},
 volume = {6},
 month = dec,
 year = {2005},
 issn = {1532-4435},
 pages = {503--556},
 numpages = {54},
 url = {http://dl.acm.org/citation.cfm?id=1046920.1088690},
 acmid = {1088690},
 publisher = {JMLR.org}
} 


