@article{walking_straing_into_circles_2009,
title = {Walking straight into circles},
author = {Jan L Souman and Ilja Frissen and Manish N Sreenivasa and Marc O Ernst},
year = {2009},
date = {2009-01-01},
journal = {Current Biology},
volume = {19},
number = {18},
pages = {1538-1542},
keywords = {},
pubstate = {published},
tppubtype = {article}
}

@article{Orientational_manoeuvres_in_dar_2004,
title = "Orientational manoeuvres in the dark: dissociating allocentric and egocentric influences on spatial memory ",
journal = "Cognition ",
volume = "94",
number = "2",
pages = "149 - 166",
year = "2004",
note = "",
issn = "0010-0277",
doi = "http://dx.doi.org/10.1016/j.cognition.2004.01.001",
url = "http://www.sciencedirect.com/science/article/pii/S0010027704000472",
author = "Neil Burgess and Hugo J. Spiers and Eleni Paleologou"
}

@article{spatial_memory_how_ego_allo_combine_2006,
title = "Spatial memory: how egocentric and allocentric combine ",
journal = "Trends in Cognitive Sciences ",
volume = "10",
number = "12",
pages = "551 - 557",
year = "2006",
note = "",
issn = "1364-6613",
doi = "http://dx.doi.org/10.1016/j.tics.2006.10.005",
url = "http://www.sciencedirect.com/science/article/pii/S1364661306002713",
author = "Neil Burgess"
}

@article{updating_egocentric_human_navigation_2000,
title = "Updating egocentric representations in human navigation",
journal = "Cognition",
volume = "77",
number = "12",
pages = "215 - 250",
year = "2000",
note = "",
url = "http://www.wjh.harvard.edu/~lds/pdfs/wang2000.pdf",
author = "Ranxiao Frances Wang and Elizabeth Spelke"
}

@article {Overvliet2008b,
	title = {The use of proprioception and tactile information in haptic search},
	journal = {Acta Psychologica},
	volume = {129},
	number = {1},
	year = {2008},
	pages = {83{\textendash}90},
	keywords = {Adult, Discrimination Learning, Female, Functional Laterality, Humans, Male, Orientation, Proprioception, Psychophysics, Reaction Time, Sensory Deprivation, Stereognosis, Touch},
	issn = {0001-6918},
	url = {http://www.ncbi.nlm.nih.gov/pubmed/18561891},
	author = {Overvliet, K E and Smeets, J B J and Brenner, E}
}

@article{more_fingers_no_gain_2007,
year={2007},
issn={0014-4819},
journal={Experimental Brain Research},
volume={182},
number={3},
doi={10.1007/s00221-007-0998-9},
title={Haptic search with finger movements: using more fingers does not necessarily reduce search times},
url={http://dx.doi.org/10.1007/s00221-007-0998-9},
publisher={Springer-Verlag},
keywords={Touch; Fingers; Movement; Orientation; Psychophysics; Human},
author={Overvliet, K.E. and Smeets, J.B.J. and Brenner, E.},
pages={427-434},
language={English}
}

@article{Sturz15022013,
author = {Sturz, Bradley R. and Green, Marshall L. and Gaskin, Katherine A. and Evans, Alicia C. and Graves, April A. and Roberts, Jonathan E.}, 
title = {More than a feeling: incidental learning of array geometry by blindfolded adult humans revealed through touch},
volume = {216}, 
number = {4}, 
pages = {587-593}, 
year = {2013}, 
doi = {10.1242/jeb.080952}, 
URL = {http://jeb.biologists.org/content/216/4/587.abstract}, 
eprint = {http://jeb.biologists.org/content/216/4/587.full.pdf+html}, 
journal = {The Journal of Experimental Biology} 
}


@ARTICLE{Wang_2007,
AUTHOR = {Wang, R. Frances},
TITLE   = {Spatial updating},
YEAR	= {2007},
journal	= {Scholarpedia},
VOLUME  = {2},
NUMBER  = {10},
PAGES   = {3839}
}

@book{RCASP_2008,
  editor    = {Margaret E. Jefferies and
               Wai{-}Kiang Yeap},
  title     = {Robotics and Cognitive Approaches to Spatial Mapping},
  series    = {Springer Tracts in Advanced Robotics},
  volume    = {38},
  publisher = {Springer},
  year      = {2008},
  isbn      = {978-3-540-75386-5},
  timestamp = {Tue, 02 Dec 2008 13:19:42 +0100},
  biburl    = {http://dblp.uni-trier.de/rec/bib/series/star/2008-38},
  bibsource = {dblp computer science bibliography, http://dblp.org}
}


@article{Iachini2014,
title = "Does blindness affect egocentric and allocentric frames of reference in small and large scale spaces? ",
journal = "Behavioural Brain Research ",
volume = "273",
number = "0",
pages = "73 - 81",
year = "2014",
note = "",
issn = "0166-4328",
doi = "http://dx.doi.org/10.1016/j.bbr.2014.07.032",
url = "http://www.sciencedirect.com/science/article/pii/S0166432814004811",
author = "Tina Iachini and Gennaro Ruggiero and Francesco Ruotolo"
}


@article{Pasqualotto2013175,
title = "Visual experience facilitates allocentric spatial representation ",
journal = "Behavioural Brain Research ",
volume = "236",
number = "0",
pages = "175 - 179",
year = "2013",
note = "",
issn = "0166-4328",
doi = "http://dx.doi.org/10.1016/j.bbr.2012.08.042",
url = "http://www.sciencedirect.com/science/article/pii/S0166432812005682",
author = "Achille Pasqualotto and Mary Jane Spiller and Ashok S. Jansari and Michael J. Proulx"
}

@ARTICLE{Mou02intrinsicframes,
    author = {Weimin Mou and Timothy P. Mcnamara},
    title = {Intrinsic frames of reference in spatial memory},
    journal = {Journal of Experimental Psychology: Learning, Memory, and Cognition},
    year = {2002},
    pages = {162--170}
}


@misc{walking_in_circles_Online,
author = {National Public Radio (NPR)},
title = {A Mystery: Why Can't We Walk Straight?},
year = {}, 
howpublished = "\url{http://www.npr.org/blogs/krulwich/2011/06/01/131050832/a-mystery-why-can-t-we-walk-straight}"
}

@misc{allocentric_vs_egocentric_online,
author = {Mental Imagery and Human-Computer Interaction Lab},
title = {Allocentric vs. Egocentric Spatial Processing},
year = {}, 
howpublished = "\url{http://www.nmr.mgh.harvard.edu/mkozhevnlab/?page_id=308}"
}

ï»¿@article {spatial_updating_2008,
author = {Wolbers, Thomas and Hegarty, Mary and Buchel, Christian and Loomis, Jack M},
title = {Spatial updating: how the brain keeps track of changing object locations during observer motion},
journal = {Nature Neuroscience},
volume = {1124},
number = {1},
publisher = {Blackwell Publishing Inc},
issn = {1097-6256},
url = {http://www.nature.com/neuro/journal/v11/n10/suppinfo/nn.2189_S1.html},
doi = {http://dx.doi.org/10.1038/nn.2189},
year = {2008},
}


