
% Neuroscience of spatial navigation

@article{place_grid_cells_review_2008,
	author 	= {Moser, Edvard I. and Kropff, Emilio and Moser, May-Britt},
	title 	= {Place Cells, Grid Cells, and the Brain's Spatial Representation System},
	journal = {Annual Review of Neuroscience},
	volume 	= {31},
	number 	= {1},
	pages 	= {69-89},
	year 	= {2008},
	doi 	= {10.1146/annurev.neuro.31.061307.090723},
    	note 	= {PMID: 18284371},
	URL 	= {http://dx.doi.org/10.1146/annurev.neuro.31.061307.090723},
	eprint 	= {http://dx.doi.org/10.1146/annurev.neuro.31.061307.090723}
}

@ARTICLE{scholar_Moser_2007,
AUTHOR = {Moser, E.  and Moser, M. },
TITLE   = {{G}rid cells},
YEAR	= 2007,
JOURNAL	= Scholarpedia,
VOLUME  = 2,
NUMBER  = 7,
PAGES   = 3394,
NOTE   = {revision \#144456}
}

@article{direct_rec_grid_cell_2013,
	author 	= {Jacobs, Joshua and Weidemann, Christoph T and Miller, Jonathan F},
	title 	= {Direct recordings of grid-like neuronal activity in human spatial navigation},
	journal = {Nature Neuroscience},
	volume 	= {16},
	number 	= {9},
	pages 	= {1188-1190},
	year 	= {2013},
	doi 	= {10.1038/nn.3466},
	URL 	= {http://www.nature.com/neuro/journal/v16/n9/abs/nn.3466.html#supplementary-information}
}



% review articles

@ARTICLE{what_det_nav_abil_2010,
    author = {Wolbers, T. and Hegarty, M.},
     month = feb,
     title = {What determines our navigational abilities?},
   journal = {Trends in Cognitive Sciences},
    volume = {14},
    number = {3},
      year = {2010},
     pages = {138-146},
       doi = {10.1016/j.tics.2010.01.001},
 }

@ARTICLE{Evidence_grid_cells_human_2010,
    author = {Doeller, Christian F and Barry, Caswell and Burgess, Neil},
     month = feb,
     title = {Evidence for grid cells in a human memory network},
   journal = {Nature},
    volume = {463},
    number = {3},
      year = {2010},
     pages = {657-661},
       doi = {10.1038/nature08704},
	url = {http://www.nature.com/nature/journal/v463/n7281/suppinfo/nature08704_S1.html}
 }

@article{what_det_our_nav_ability_2010,
	title 	= "What determines our navigational abilities? ",
	journal = "Trends in Cognitive Sciences ",
	volume 	= "14",
	number 	= "3",
	pages 	= "138 - 146",
	year 	= "2010",
	issn 	= "1364-6613",
	doi 	= "http://dx.doi.org/10.1016/j.tics.2010.01.001",
	url 	= "http://www.sciencedirect.com/science/article/pii/S1364661310000021",
	author 	= "Thomas Wolbers and Mary Hegarty"
}



% Spatial navigation with no vision


@article{navigation_no_vision_2013,
    author = {Kalia, Amy A. AND Schrater, Paul R. AND Legge, Gordon E.},
    journal = {PLoS ONE},
    publisher = {Public Library of Science},
    title = {Combining Path Integration and Remembered Landmarks When Navigating without Vision},
    year = {2013},
    month = {09},
    volume = {8},
    url = {http://dx.doi.org/10.1371%2Fjournal.pone.0072170},
    pages = {e72170},
    number = {9},
    doi = {10.1371/journal.pone.0072170}
}        




% Computational cognitive models of spatial navigation

@article{cog_model_review_2015,
title = "Computational cognitive models of spatial memory in navigation space: A review ",
journal = "Neural Networks ",
volume = "65",
number = "0",
pages = "18 - 43",
year = "2015",
note = "",
issn = "0893-6080",
doi = "http://dx.doi.org/10.1016/j.neunet.2015.01.002",
url = "http://www.sciencedirect.com/science/article/pii/S0893608015000040",
author = "Tamas Madl and Ke Chen and Daniela Montaldi and Robert Trappl"
}


% Short term memory in spatial navigation

@article{human_stsm_2015,
	title = {Human short-term spatial memory: Precision predicts capacity},
	author = {Pamela Banta Lavenexa and Valérie Boujonb and Angélique Ndarugendamwob and Pierre Lavenexa}
	journal = {Cognitive Psychology},
	volume = {77},
	year   = {2015},
	pages  = {1-19}
}

@article{as_world_turns_2011,
	title = {As the world turns: Short-term human spatial memory in egocentric and allocentric coordinates},
	author = {Pamela Banta Lavenexa and Sandro Lecci and Vincent Prêtre and Catherine Brandner and Christian Mazza and Jérôme Pasquier and Pierre Lavenex},
	journal = {Behavioural Brain Research},
	volume = {219},
	year   = {2011},
	pages  = {132-141}
}

% Short term memory

@misc{cogprints730,
          volume = {63},
           title = {The Magical Number Seven, Plus or Minus Two: Some Limits on Our Capacity for Processing Information},
          author = {George Miller},
            year = {1956},
           pages = {81--97},
            note = {One of the 100 most influential papers in cognitive science:
http://cogsci.umn.edu/millennium/final.html},
         journal = {The Psychological Review},
        keywords = {perception, cognition, discrimination, categorization, chunking, coding, memory, language, absolute judgment, relative judgment, information processing, information limits, resources, attention},
             url = {http://cogprints.org/730/}
}



% POMDP and Humans

@article{DoshiVelez:2011,
    author = {Doshi-Velez, Finale and Ghahramani, Zoubin},
    booktitle = {CogSci 2011},
    citeulike-article-id = {9518762},
    citeulike-linkout-0 = {http://people.csail.mit.edu/finale/papers/finale\_cogsci11.pdf},
    keywords = {partially-observable, phd, rl},
    posted-at = {2011-07-06 12:34:23},
    priority = {0},
    title = {{A Comparison of Human and Agent Reinforcement Learning in Partially Observable Domains}},
    url = {http://people.csail.mit.edu/finale/papers/finale\_cogsci11.pdf},
    year = {2011}
}


@article{stankiewicz2006lost,
  author = {Stankiewicz, B.J. and Legge, G.E. and Mansfield, J.S. and Schlicht, E.J.},
  journal = {Journal of Experimental Psychology: Human Perception and Performance.(under review)},
  number = 3,
  pages = {688--704},
  title = {Lost in virtual space: Studies in human and ideal spatial navigation},
  volume = 32,
  year = 2006
}

@article{lost_II,
   author = {Stankiewicz B.J. and Eastman K},
   title  = {Lost in Virtual Space II: The Role of Proprioception and Discrete Actions when Navigating with Uncertainty. Association for Computing Machinery},
  journal = {Transactions on Applied Perception (under review)} 
}


